% This file was created with JabRef 2.8.1.
% Encoding: Cp1252
@InCollection{wiki_history_2,
  author = {Michael Friendly},
  title = {A Brief History of Data Visualization},
  year = {2007},
  publisher = {Springer-Verlag},
  address = {Heidelberg},
  booktitle = {Handbook of Computational Statistics: Data Visualization},
  volume = {III},
  editor = {C. Chen and W. H{\"a}rdle and A Unwin},
  pages = {1–34},
  chapter = {1},
  url = {http://datavis.ca/papers/hbook.pdf},
  isbn = {978-3-540-32825-4},
  note = "Last accessed 11 December 2016",
}

@misc{dataviz_wiki,
    author    = "Wikipedia",
    title     = "Data visualization",
    url       = "https://en.wikipedia.org/wiki/Data_visualization",
  note = "Last accessed 11 December 2016",
}

@misc{wiki_history_1,
    author    = "Wikipedia",
    title     = "Data Visualization for Human Perception, The Interaction Design Foundation",
    month	  = nov,
    year      = "2015",
    url       = "https://www.interaction-design.org/literature/book/the-encyclopedia-of-human-computer-interaction-2nd-ed/data-visualization-for-human-perception",
  note = "Last accessed 11 December 2016",
}

@misc{c9js_github,
	author    = "GitHub",
    title     = "C9js OpenSource",
    year      = "2016",
    url       = "https://github.com/csethanhcong/C9js",
  note = "Last accessed 11 December 2016",
}

@misc{c9js_repo,
	author    = "C9js Repository",
    title     = "C9js OpenSource",
    year      = "2016",
    url       = "https://en.wikipedia.org/wiki/Repository_(version_control)",
  note = "Last accessed 11 December 2016",
}

@misc{paper1,
	author    = "Steve LaValle, Eric Lesser, Rebecca Shockley, Michael S. Hopkins and Nina Kruschwitz",
    title     = "Big Data, Analytics and the Path From Insights to Value",
    year      = "2015",
    address   = "MIT",
    url       = "http://search.proquest.com/openview/863e390a27e9a69d59ee5ffe2204f293/1?pq-origsite=gscholar",
  note = "Last accessed 11 December 2016",
}

@misc{web_evolution,
	author    = "Hyperakt, Vizzuality",
    title     = "The Evolution of the Web",
    address   = "Google",
    url       = "http://www.evolutionoftheweb.com/",
  note = "Last accessed 11 December 2016",
}

@misc{technology_boom,
	author    = "Hyperakt, Vizzuality",
    title     = "Bùng nổ thông tin: co hội và thách thức",
    month	  = aug,
    year      = "2015",
    url       = "https://goo.gl/SbKZjV",
  note = "Last accessed 11 December 2016",
}

@misc{xhr,
    title     = "AJAX",
    url       = "http://hoccungdoanhnghiep.vn/tai-lieu-lap-trinh/bai-1--doi-tuong-xmlhttprequest-trong-ajax",
  note = "Last accessed 11 December 2016",
}

@misc{csv,
    author    = "Wikipedia",
    title     = "Comma-separated values",
    url       = "https://en.wikipedia.org/wiki/Comma-separated_values",
  note = "Last accessed 11 December 2016",
}

@misc{tsv,
    author    = "Wikipedia",
    title     = "Tab-separated values",
    url       = "https://en.wikipedia.org/wiki/TSV",
  note = "Last accessed 11 December 2016",
}

@misc{css_class,
    author    = "Mozilla",
    title     = "Class selectors - CSS | MDN",
    url       = "https://developer.mozilla.org/en-US/docs/Web/CSS/Class_selectors",
  note = "Last accessed 11 December 2016",
}

@misc{bigdata,
    author    = "T.Alan Keahey",
    title     = "Using visualization to understand big data",
    year      = "2013",
    address   = "IBM",
    url       = "www.iotdataviz.com/meetup/1/YTW03349USEN.PDF",
  note = "Last accessed 11 December 2016",
}

@misc{gapminder,
    author    = "Gapminder",
    title     = "About Gapminder",
    url       = "http://www.gapminder.org/about-gapminder/our-mission/",
  note = "Last accessed 11 December 2016",
}

@misc{stamen,
    author    = "Stamen",
    title     = "Stamen Design: Data Visualization and Map Design Studio",
    url       = "http://stamen.com/",
  note = "Last accessed 11 December 2016",
}

@misc{gapminderworld,
    author    = "Gapminder World",
    title     = "How may I use Gapminder World?",
    url       = "http://www.gapminder.org/faq_frequently_asked_questions/#13",
  note = "Last accessed 11 December 2016",
}

@misc{subgraph,
    author    = "Gapminder",
    title     = "Gapminder Sub-graph. Examples about Gapminder sub-graph",
    url       = "https://www.gapminder.org/tools/bubbles#_state_marker_size",
  note = "Last accessed 11 December 2016",
}

@misc{codecov_wiki,
    author    = "Wikipedia",
    title     = "Code coverage",
    url       = "https://en.wikipedia.org/wiki/Code_coverage",
  note = "Last accessed 11 December 2016",
}

@misc{component_based,
    author    = "Wikipedia",
    title     = "Component-based software engineering",
    url       = "https://en.wikipedia.org/wiki/Component-based_software_engineering#Software_component",
  note = "Last accessed 11 December 2016",
}

@misc{c3js,
    author    = "Masayuki Tanaka",
    title     = "C3.js | D3-based reusable chart library",
    year      = "2014",
    url       = "http://c3js.org/",
  note = "Last accessed 11 December 2016",
}

@misc{mapme,
    title     = "Maps built with Mapme. Plot your Story - Combine maps, photos, videos \& words",
    url       = "http://mapme.com/gallery/",
  note = "Last accessed 11 December 2016",
}

@misc{osm,
	author    = "OpenStreetMap",
    title     = "The project that creates and distributes free geographic data for the world.",
    url       = "https://www.openstreetmap.org/",
  note = "Last accessed 11 December 2016",
}

@misc{prototypejs,
    title     = "Prototype JavaScript Framework. A foundation for ambitious web applications",
    month	  = feb,
    year      = "2005",
    url       = "https://en.wikipedia.org/wiki/Prototype_JavaScript_Framework",
  note = "Last accessed 11 December 2016",
}

@misc{es6,
	author 	  = "Ralf S. Engelschall",
    title     = "ECMAScript 6 — New Features: Overview \& Comparison",
    year      = "2015",
    copyright = "Copyright (c) 2015-2016 Ralf S. Engelschall",
    url       = "http://es6-features.org/",
  note = "Last accessed 11 December 2016",
}

@misc{jqueryusage,
	author    = "W3Techs",
    title     = "Usage statistics and market share of JQuery for websites",
    url       = "https://w3techs.com/technologies/details/js-jquery/all/all",
  note = "Last accessed 11 December 2016",
}

@misc{jqueryintro1,
    title     = "jQuery",
    url       = "https://jquery.com/",
  note = "Last accessed 11 December 2016",
}

@misc{jqueryintro2,
	author    = "Wikipedia",
    title     = "jQuery",
    url       = "https://en.wikipedia.org/wiki/JQuery",
  note = "Last accessed 11 December 2016",
}

@misc{sizzle,
	author    = "Wikipedia",
    title     = "Sizzle",
    url       = "https://github.com/jquery/sizzle/wiki",
  note = "Last accessed 11 December 2016",
}

@misc{merge_deep,
    title     = "Painfully Obvious, Blog Archive, Deep-extending objects in JavaScript.",
    url       = "http://andrewdupont.net/2009/08/28/deep-extending-objects-in-javascript/",
  note = "Last accessed 11 December 2016",
}

@misc{data_driven,
	author    = "Wikipedia",
    title     = "Data-driven programming",
    url       = "https://en.wikipedia.org/wiki/Data-driven_programming",
  note = "Last accessed 11 December 2016",
}

@misc{uuid,
	author    = "Wikipedia",
    title     = "Universally unique identifier",
    url       = "https://en.wikipedia.org/wiki/Universally_unique_identifier",
  note = "Last accessed 11 December 2016",
}

@misc{callback,
	author    = "MozDevNet",
    title     = "Declaring and Using Callbacks",
    url       = "https://developer.mozilla.org/en-US/docs/Mozilla/js-ctypes/Using_js-ctypes/Declaring_and_Using_Callbacks",
  note = "Last accessed 11 December 2016",
}

@misc{gha,
	author    = "World Health Organization (WHO)",
    title     = "Global Health Atlas",
    url       = "http://apps.who.int/globalatlas/",
  note = "Last accessed 11 December 2016",
}

@misc{cd,
	author    = "Martin Fowler",
    title     = "ContinuousDelivery",
    month	  = may,
    year      = "2013",
    url       = "https://martinfowler.com/bliki/ContinuousDelivery.html",
  note = "Last accessed 11 December 2016",
}

@misc{ghaex,
	author    = "WHO",
    title     = "Health workforce: Density of physicsians",
    url       = "http://gamapserver.who.int/gho/interactive_charts/health_workforce/PhysiciansDensity_Total/atlas.html",
  note = "Last accessed 11 December 2016",
}

@misc{source_map,
	author    = "HTML5 Rocks",
    title     = "Introduction to JavaScript Source Maps",
    url       = "https://www.html5rocks.com/en/tutorials/developertools/sourcemaps/",
  note = "Last accessed 11 December 2016",
}

@misc{d3jsintro1,
	author    = "D3.js",
    title     = "D3.js - Data-Driven Documents",
    url       = "https://d3js.org/",
  note = "Last accessed 11 December 2016",
}

@misc{d3jsintro2,
	author    = "Dashing D3.js",
    title     = "Why build Data Visualization with D3.js",
    url       = "https://www.dashingd3js.com/why-build-with-d3js",
  note = "Last accessed 11 December 2016",
}

@misc{codecov_c9js,
	author    = "Codecov.io",
    title     = "Codecov.io - C9js",
    url       = "https://codecov.io/gh/csethanhcong/C9js",
  note = "Last accessed 11 December 2016",
}

@misc{ga_c9js,
	author    = "Google Analytics",
    title     = "Google Analytics - C9js",
    url       = "https://analytics.google.com/analytics/web/?hl=vi&pli=1#dashboard/default/a79729339w118889956p124358060/",
  note = "Last accessed 11 December 2016",
}

@misc{jsintro,
	author    = "Mozilla Developer Network",
    title     = "Introduction - JavaScript",
    url       = "https://developer.mozilla.org/en-US/docs/Web/JavaScript/Guide/Introduction",
  note = "Last accessed 11 December 2016",
}

@misc{ol,
	author    = "Open Layers 3",
    title     = "Open Layers 3. A high-performance, feature-packed library for all your mapping needs.",
    url       = "http://openlayers.org/en/latest/doc/",
  note = "Last accessed 11 December 2016",
}

@misc{googlemap,
	author    = "Google Maps",
    title     = "Web mapping service developed by Google",
    url       = "https://en.wikipedia.org/wiki/Google_Maps",
  note = "Last accessed 11 December 2016",
}

@misc{bingmap,
	author    = "Bing Maps",
    title     = "Web mapping service provided as a part of Microsoft's Bing suite of search engines and powered by the Bing Maps for Enterprise framework",
    month	  = may,
    year      = "2010",
    url       = "https://en.wikipedia.org/wiki/Bing_Maps",
  note = "Last accessed 11 December 2016",
}

@misc{ol3,
	author    = "Open Layers 3",
    title     = "Release Builds",
    url       = "http://openlayers.org/download/",
  note = "Last accessed 11 December 2016",
}

@misc{tdd_1,
	author    = "Wikipedia",
    title     = "TDD - Wikipedia",
    url       = "https://en.wikipedia.org/wiki/Test-driven_development",
  note = "Last accessed 11 December 2016",
}

@misc{bdd_1,
	author    = "Ivan Jovanovic",
    title     = "Introduction to JavaScript BDD testing with Jasmine library",
    url       = "http://ivanjovanovic.com/2011/07/22/introduction-to-javascript-bdd-testing-with-jasmine-library/",
  note = "Last accessed 11 December 2016",
}

@misc{mocha_vs_jasmine,
	author    = "Codementor",
    title     = "JavaScript Testing Framework Comparison: Jasmine vs Mocha",
    url       = "https://www.codementor.io/javascript/tutorial/javascript-testing-framework-comparison-jasmine-vs-mocha",
  note = "Last accessed 11 December 2016",
}

@misc{karma_1,
    title     = "Karma - a Javascript Test Runner",
    url       = "http://www.methodsandtools.com/tools/karma.php",
  note = "Last accessed 11 December 2016",
}

@misc{jsdom_phantomjs,
    title     = "Compare jsdom and PhantomJS",
    url       = "https://github.com/tmpvar/jsdom/blob/master/README.md",
  note = "Last accessed 11 December 2016",
}
